@inproceedings{gordon2006exploiting,
  title={Exploiting coarse-grained task, data, and pipeline parallelism in stream programs},
  author={Gordon, Michael I and others},
  booktitle={ACM SIGOPS Operating Systems Review},
  volume={40},
  number={5},
  pages={151--162},
  year={2006},
  organization={ACM}
}

@article{hirzel2014catalog,
	title={A catalog of stream processing optimizations},
	author={Hirzel, Martin and others},
	journal={ACM Computing Surveys},
	volume={46},
	number={4},
	pages={46},
	year={2014},
	publisher={ACM}
}

@inproceedings{bedini2013modeling,
	title={Modeling performance of a parallel streaming engine: bridging theory and costs},
	author={Bedini, Ivan and others},
	booktitle={Proc. of ICPE},
	pages={173--184},
	year={2013},
	organization={ACM}
}

@article{sachs2009performance,
	title={Performance evaluation of message-oriented middleware using the SPECjms2007 benchmark},
	author={Sachs, Kai and others},
	journal={Performance Evaluation},
	volume={66},
	number={8},
	pages={410--434},
	year={2009},
	publisher={Elsevier}
}

@inproceedings{schroter2010stochastic,
	title={Stochastic performance analysis and capacity planning of publish/subscribe systems},
	author={Schr{\"o}ter, Arnd and others},
	booktitle={Proc. DEBS},
	pages={258--269},
	year={2010},
	organization={ACM}
}


@article{gpml,
	title={Gaussian processes for machine learning},
	author={Williams, Christopher KI and Rasmussen, Carl Edward},
	journal={MIT Press},
	year={2006}
}

@inproceedings{db2advisor,
	title={Automatic database configuration for {DB2} Universal Database: Compressing years of performance expertise into seconds of execution},
	author={Kwan, Eva and others},
	booktitle={Proc. BTW},
	volume={20},
	year={2003},
}

@inproceedings{menasce2001preserving,
	title={Preserving {QoS} of e-commerce sites through self-tuning: a performance model approach},
	author={Menasc{\'e}, Daniel A and others},
	booktitle={Proc. EC},
	pages={224--234},
	year={2001},
	organization={ACM}
}

@inproceedings{xi2004smart,
	title={A smart hill-climbing algorithm for application server configuration},
	author={Xi, Bowei and others},
	booktitle={Proc. WWW},
	year={2004}
}

@inproceedings{osogami2007optimizing,
	title={Optimizing system configurations quickly by guessing at the performance},
	author={Osogami, Takayuki and Kato, Sei},
	booktitle={Proc. SIGMETRICS},
	volume={35},
	number={1},
	year={2007},
	organization={ACM}
}

@article{johnstonperformance,
	title={Performance Tuning of MapReduce Jobs Using Surrogate-Based Modeling},
	author={Johnston, Travis and others},
	journal={Proc. ICCS},
	year={2015}
}

@inproceedings{ustinova2015modelling,
	title={Modelling multi-tier enterprise applications behaviour with design of experiments technique},
	author={Ustinova, Tatiana and Jamshidi, Pooyan},
	booktitle={Proc. QUDOS},
	year={2015},
	organization={ACM}
}

@inproceedings{thonangi2008finding,
	title={Finding good configurations in high-dimensional spaces: Doing more with less},
	author={Thonangi, Risi and others},
	booktitle={Proc. MASCOTS},
	pages={1--10},
	year={2008},
	organization={IEEE}
}

@inproceedings{yigitbasi2013towards,
	title={Towards machine learning-based auto-tuning of mapreduce},
	author={Yigitbasi, Nezih and others},
	booktitle={Proc. MASCOTS},
	year={2013}
}

@article{hansen2001completely,
	title={Completely derandomized self-adaptation in evolution strategies},
	author={Hansen, Nikolaus and Ostermeier, Andreas},
	journal={Evolutionary computation},
	volume={9},
	number={2},
	pages={159--195},
	year={2001},
	publisher={MIT Press}
}

@article{nabi2014streams,
	title={Of Streams and Storms},
	author={Nabi, Zubair and Bouillet, Eric and Bainbridge, Andrew and Thomas, Chris},
	journal={IBM White Paper},
	year={2014}
}

@inproceedings{behzad2013taming,
	title={Taming parallel {I/O} complexity with auto-tuning},
	author={Behzad, Babak and others},
	booktitle={Proc. ACM SC},
	year={2013},
}

@article{ye2003recursive,
	title={A recursive random search algorithm for large-scale network parameter configuration},
	author={Ye, Tao and Kalyanaraman, Shivkumar},
	journal={Proc. SIGMETRICS},
	volume={31},
	number={1},
	pages={196--205},
	year={2003},
	publisher={ACM}
}


@article{chen2011experience,
	title={Experience transfer for the configuration tuning in large-scale computing systems},
	author={Chen, Haifeng and Zhang, Wenxuan and Jiang, Guofei},
	journal={Knowledge and Data Engineering, IEEE Transactions on},
	volume={23},
	number={3},
	pages={388--401},
	year={2011},
	publisher={IEEE}
}

@techreport{shahriaritaking,
	title={Taking the Human Out of the Loop: a Review of Bayesian Optimization},
	author={Shahriari, Bobak and others},
		year={2015}
}

@article{Kleijnen2010,
	archivePrefix = {arXiv},
	arxivId = {12345},
	author = {Kleijnen, Jack P C},
	doi = {10.1002/wics.73},
	eprint = {12345},
	issn = {19395108},
	journal = {Wiley Interdisciplinary Reviews},
	mendeley-groups = {MachineLearning},
	title = {{Response surface methodology}},
	url = {http://onlinelibrary.wiley.com/doi/10.1002/wics.73/full},
	year = {2010}
}

@article{Hall1999,
	author = {Hall, M.},
	journal = {Thesis, Waikato},
	title = {{Correlation-based feature selection for machine learning}},
	year = {1999}
}

@article{Lizotte2012,
	author = {Lizotte, Daniel J. and others},
	doi = {10.1007/s10898-011-9732-z},
	issn = {09255001},
	journal = {Journal of Global Optimization},
	keywords = {Global optimization,Response surface,Surrogate model},
	mendeley-groups = {MachineLearning},
	pages = {699--736},
	title = {{An experimental methodology for response surface optimization methods}},
	volume = {53},
	year = {2012}
}

@inproceedings{Siegmund,
	title={Performance-influence models for highly configurable systems},
	author={Siegmund, Norbert and others},
	booktitle={Proc. FSE},
	year={2015}
}

@book{Cover2005,
	archivePrefix = {arXiv},
	arxivId = {ISBN 0-471-06259-6},
	author = {Cover, Thomas M. and Thomas, Joy a.},
	booktitle = {Elements of Information Theory},
	doi = {10.1002/047174882X},
	eprint = {ISBN 0-471-06259-6},
	isbn = {9780471241959},
	issn = {0162-1459},
	mendeley-groups = {MachineLearning},
	pages = {1--748},
	pmid = {20660925},
	title = {{Elements of Information Theory}},
	year = {2005}
}

@article{Krause2005,
	archivePrefix = {arXiv},
	arxivId = {1207.1394},
	author = {Krause, Andreas and Guestrin, Carlos},
	eprint = {1207.1394},
	isbn = {0-9749039-1-4},
	issn = {10450823},
	journal = {UAI},
	title = {Near-optimal nonmyopic value of information in graphical models},
	year = {2005}
}

@article{Dani2008,
	author = {Dani, Varsha and others},
	journal = {Computer},
	pages = {0--20},
	title = {{Stochastic Linear Optimization under Bandit Feedback}},
	year = {2008}
}

@article{rasmussen2010gaussian,
	title={Gaussian processes for machine learning (GPML) toolbox},
	author={Rasmussen, Carl Edward and Nickisch, Hannes},
	journal={The Journal of Machine Learning Research},
	volume={11},
	year={2010},
	publisher={JMLR. org}
}

@article{Zheng2007,
	author = {Zheng, Wei and Bianchini, Ricardo and Nguyen, Thu D.},
	doi = {10.1145/1272998.1273020},
	isbn = {9781595936363},
	issn = {01635980},
	journal = {ACM SIGOPS Operating Systems Review},
	keywords = {configuration,internet services,manageability,operator mistakes},
	number = {3},
	pages = {219},
	title = {{Automatic configuration of internet services}},
	volume = {41},
	year = {2007}
}


@article{Bu2009,
	author = {Bu, Xiangping and Rao, Jia and Xu, Cheng-Zhong},
	doi = {10.1109/ICDCS.2009.76},
	isbn = {076953659X},
	journal = {In Proc. ICDCS},
	mendeley-groups = {MachineLearning},
	title = {{A reinforcement learning approach to online Web systems auto-configuration}},
	url = {http://ieeexplore.ieee.org/lpdocs/epic03/wrapper.htm?arnumber=5158403},
	year = {2009}
}

@inproceedings{Jamshidi-fql,
	archivePrefix = {arXiv},
	arxivId = {arXiv:1507.00567v1},
	author = {Jamshidi, Pooyan and others},
	booktitle={Proc. ICCAC},
	doi = {10.1109/ICCAC.2015.35},
	eprint = {arXiv:1507.00567v1},
	isbn = {978-1-4673-9566-3},
	title = {{Self-learning cloud controllers: Fuzzy Q-learning for knowledge evolution}},
	year={2015}
}

@article{Saboori2008,
	author = {Saboori, Anooshirvan and others},
	doi = {10.1109/ICDCS.2008.11},
	isbn = {978-0-7695-3172-4},
	issn = {1063-6927},
	journal = {In Proc. ICDCS},
	keywords = {Automatic Tuning,Covariance Matrix Update,Evolutionary Strategies,Heuristic Methods,System Configuration},
	mendeley-groups = {MachineLearning},
	title = {{Autotuning configurations in distributed systems for performance improvements using evolutionary strategies}},
	year = {2008}
}

@techreport{guo2010evaluating,
	title={Evaluating the role of optimization-specific search heuristics in effective autotuning},
	author={Guo, Jichi and others},
	year={2010},
	institution={Texas State University}
	
}

@article{sun2013random,
	title={Random drift particle swarm optimization},
	author={Sun, Jun and others},
	journal={arXiv preprint arXiv:1306.2863},
	year={2013}
}

@article{deisenroth2015distributed,
	title={Distributed Gaussian Processes},
	author={Deisenroth, Marc Peter and Ng, Jun Wei},
	journal={arXiv preprint arXiv:1502.02843},
	year={2015}
}

@article{weise2009global,
	title={Global optimization algorithms-theory and application},
	author={Weise, Thomas},
	journal={Self-Published},
	year={2009},
	publisher={Citeseer}
}

@article{srinivas2009gaussian,
	title={Gaussian process optimization in the bandit setting: No regret and experimental design},
	author={Srinivas, Niranjan and others},
	journal={arXiv preprint arXiv:0912.3995},
	year={2009}
}

@article{hutter2009automated,
	title={Automated configuration of algorithms for solving hard computational problems},
	author={Hutter, Frank},
	year={2009},
	journal={PhD Thesis, University of British Columbia},
	institution={University of British Columbia}
}

@inproceedings{bonilla2007multi,
	title={Multi-task Gaussian process prediction},
	author={Bonilla, Edwin V and Chai, Kian M and Williams, Christopher},
	booktitle={Advances in neural information processing systems},
	pages={153--160},
	year={2007}
}

@inproceedings{krause2011contextual,
	title={Contextual gaussian process bandit optimization},
	author={Krause, Andreas and Ong, Cheng S},
	booktitle={Advances in Neural Information Processing Systems},
	pages={2447--2455},
	year={2011}
}

@inproceedings{herodotou2011starfish,
	title={Starfish: A Self-tuning System for Big Data Analytics.},
	author={Herodotou, Herodotos and Lim, Harold and Luo, Gang and Borisov, Nedyalko and Dong, Liang and Cetin, Fatma Bilgen and Babu, Shivnath},
	booktitle={CIDR},
	volume={11},
	pages={261--272},
	year={2011}
}

@inproceedings{jamshidi2016bo4co,
	title={An Uncertainty-Aware Approach to Optimal Configuration of Stream Processing Systems.},
	author={Jamshidi, Pooyan and Casale, Giuliano},
	booktitle={The paper is currently under evaluation. It can be made available to the reviewers via the program chairs},
	year={2016}
}

@article{jamshidi2016devops,
	title={Microservices Architecture Enables DevOps: Migration to a Cloud-Native Architecture},
	author={Balalaie, Armin and Heydarnoori, Abbas and Jamshidi, Pooyan},
	journal={IEEE Software},
	year={2016},
	publisher={IEEE}
}

@book{bass2015devops,
	title={DevOps: A Software Architect's Perspective},
	author={Bass, L. and Weber, I. and Zhu, L.},
	year={2015},
	publisher={Addison-Wesley Professional}
}

@techreport{benchmark,
	title={Ultra-High Performance NoSQL Benchmarking: Analyzing Durability and Performance Tradeoffs},
	author={Nelubin, N. and Engber, B.},
	year={2013}
}

@inproceedings{ghazal2013bigbench,
	title={BigBench: towards an industry standard benchmark for big data analytics},
	author={Ghazal, Ahmad and Rabl, Tilmann and Hu, Minqing and Raab, Francois and Poess, Meikel and Crolotte, Alain and Jacobsen, Hans-Arno},
	booktitle={Proceedings of the 2013 ACM SIGMOD international conference on Management of data},
	pages={1197--1208},
	year={2013},
	organization={ACM}
}

@inproceedings{cooper2010benchmarking,
	title={Benchmarking cloud serving systems with YCSB},
	author={Cooper, Brian F and Silberstein, Adam and Tam, Erwin and Ramakrishnan, Raghu and Sears, Russell},
	booktitle={Proceedings of the 1st ACM symposium on Cloud computing},
	pages={143--154},
	year={2010},
	organization={ACM}
}

@inproceedings{huang2010hibench,
	title={Hibench: A representative and comprehensive hadoop benchmark suite},
	author={Huang, Shengsheng and Huang, Jie and Liu, Yan and Yi, Lan and Dai, Jinquan},
	booktitle={Proc. ICDE Workshops},
	year={2010}
}

@article{onlineappendix,
	title={online appendix: \url{www.doc.ic.ac.uk/~pjamshid/PDF/appendix-fse16.pdf}}
}

@techreport{performancedevops,
	Title                    = {Performance-oriented {DevOps}: {A} Research Agenda},
	Author                   = {Andreas Brunnert and others},
	Institution              = {SPEC Research Group --- DevOps Performance Working Group, Standard Performance Evaluation Corporation (SPEC)},
	Year                     = {2015},
	Month                    = aug,
	Number                   = {SPEC-RG-2015-01},
	Url                      = {http://research.spec.org/fileadmin/user_upload/documents/wg_devops/endorsed_publications/SPEC-RG-2015-001-DevOpsPerformanceResearchAgenda.pdf}
}

@article{brochu2010tutorial,
	title={A tutorial on Bayesian optimization of expensive cost functions, with application to active user modeling and hierarchical reinforcement learning},
	author={Brochu, Eric and Cora, Vlad M and De Freitas, Nando},
	journal={arXiv preprint arXiv:1012.2599},
	year={2010}
}

@inproceedings{henard2015combining,
	title={Combining multi-objective search and constraint solving for configuring large software product lines},
	author={Henard, Christopher and Papadakis, Mike and Harman, Mark and Le Traon, Yves},
	booktitle={Software Engineering (ICSE), 2015 IEEE/ACM 37th IEEE International Conference on},
	volume={1},
	pages={517--528},
	year={2015},
	organization={IEEE}
}

@inproceedings{liebig2013scalable,
	title={Scalable analysis of variable software},
	author={Liebig, J{\"o}rg and von Rhein, Alexander and K{\"a}stner, Christian and Apel, Sven and D{\"o}rre, Jens and Lengauer, Christian},
	booktitle={Proceedings of the 2013 9th Joint Meeting on Foundations of Software Engineering},
	pages={81--91},
	year={2013},
	organization={ACM}
}

@inproceedings{guo2013variability,
	title={Variability-aware performance prediction: A statistical learning approach},
	author={Guo, Jianmei and Czarnecki, Krzysztof and Apel, Sven and Siegmund, Norbert and Wasowski, Andrzej},
	booktitle={Automated Software Engineering (ASE), 2013 IEEE/ACM 28th International Conference on},
	pages={301--311},
	year={2013},
	organization={IEEE}
}

@book{sullivan2004using,
	title={Using probabilistic reasoning to automate software tuning},
	author={Sullivan, David G and Seltzer, Margo I and Pfeffer, Avi},
	volume={32},
	number={1},
	year={2004},
	publisher={ACM}
}

@inproceedings{grechanik2012automatically,
	title={Automatically finding performance problems with feedback-directed learning software testing},
	author={Grechanik, Mark and Fu, Chen and Xie, Qing},
	booktitle={Software Engineering (ICSE), 2012 34th International Conference on},
	pages={156--166},
	year={2012},
	organization={IEEE}
}

@inproceedings{siegmund2012predicting,
	title={Predicting performance via automated feature-interaction detection},
	author={Siegmund, Norbert and Kolesnikov, Sergiy S and K{\"a}stner, Christian and Apel, Sven and Batory, Don and Rosenm{\"u}ller, Marko and Saake, Gunter},
	booktitle={Proceedings of the 34th International Conference on Software Engineering},
	pages={167--177},
	year={2012},
	organization={IEEE Press}
}

@book{montgomery2008design,
	title={Design and analysis of experiments},
	author={Montgomery, Douglas C},
	year={2008},
	publisher={John Wiley \& Sons}
}

@article{arcuri2013parameter,
	title={Parameter tuning or default values? An empirical investigation in search-based software engineering},
	author={Arcuri, Andrea and Fraser, Gordon},
	journal={Empirical Software Engineering},
	volume={18},
	number={3},
	pages={594--623},
	year={2013},
	publisher={Springer}
}